@article{sisinni2018industrial,
  title={Industrial Internet of Things: Challenges, Opportunities, and Directions},
  author={Sisinni, Emiliano and Saifullah, Abusayeed and Han, Song and Jennehag, Ulf and Gidlund, Mikael},
  journal={IEEE transactions on industrial informatics},
  volume={14},
  number={11},
  pages={4724--4734},
  year={2018},
  publisher={IEEE},
  doi = "10.1109/TII.2018.2852491"
}

@article{zawadzki2016smart,
  title={Smart product design and production control for effective mass customization in the Industry 4.0 concept},
  author={Zawadzki, Przemys{\l}aw and {\.Z}ywicki, Krzysztof},
  journal={Management and Production Engineering Review},
  volume={7},
  number={3},
  pages={105--112},
  year={2016},
  publisher={Production Engineering Committee of the Polish Academy of Sciences, Polish~…},
  doi = "10.1515/mper-2016-0030"
}

@article{shi2020smart,
  title={Smart factory in Industry 4.0},
  author={Shi, Zhan and Xie, Yongping and Xue, Wei and Chen, Yong and Fu, Liuliu and Xu, Xiaobo},
  journal={Systems Research and Behavioral Science},
  volume={37},
  number={4},
  pages={607--617},
  year={2020},
  publisher={Wiley Online Library},
  doi = "10.1002/sres.2704"
}

@article{mohamed2018challenges,
  title={Challenges and Benefits of Industry 4.0: An overview},
  author={Mohamed, Mamad},
  journal={International Journal of Supply and Operations Management},
  volume={5},
  number={3},
  pages={256--265},
  year={2018},
  publisher={Kharazmi University},
  issn = "2383-2525"
}

@INPROCEEDINGS{8972134,
  author={Pires, Flávia and Cachada, Ana and Barbosa, José and Moreira, António Paulo and Leitão, Paulo},
  booktitle={2019 IEEE 17th International Conference on Industrial Informatics (INDIN)}, 
  title={Digital Twin in Industry 4.0: Technologies, Applications and Challenges}, 
  year={2019},
  volume={1},
  number={},
  pages={721-726},
  doi={10.1109/INDIN41052.2019.8972134}
}


@ARTICLE{9103025,
  author={Fuller, Aidan and Fan, Zhong and Day, Charles and Barlow, Chris},
  journal={IEEE Access}, 
  title={Digital Twin: Enabling Technologies, Challenges and Open Research}, 
  year={2020},
  volume={8},
  number={},
  pages={108952-108971},
  doi={10.1109/ACCESS.2020.2998358}}


@article{KRITZINGER20181016,
title = {Digital Twin in manufacturing: A categorical literature review and classification},
journal = {IFAC-PapersOnLine},
volume = {51},
number = {11},
pages = {1016-1022},
year = {2018},
note = {16th IFAC Symposium on Information Control Problems in Manufacturing INCOM 2018},
issn = {2405-8963},
doi = {10.1016/j.ifacol.2018.08.474},
author = {Werner Kritzinger and Matthias Karner and Georg Traar and Jan Henjes and Wilfried Sihn},
}

@article{CIMINO2019103130,
title = {Review of Digital Twin applications in manufacturing},
journal = {Computers in Industry},
volume = {113},
pages = {103130},
year = {2019},
issn = {0166-3615},
doi = {10.1016/j.compind.2019.103130},
author = {Chiara Cimino and Elisa Negri and Luca Fumagalli},
}


@article{SEMERARO2021103469,
title = {Digital twin paradigm: A systematic literature review},
journal = {Computers in Industry},
volume = {130},
pages = {103469},
year = {2021},
issn = {0166-3615},
doi = {10.1016/j.compind.2021.103469},
author = {Concetta Semeraro and Mario Lezoche and Hervé Panetto and Michele Dassisti},
}

@Article{app10186519,
AUTHOR = {Jacoby, Michael and Usländer, Thomas},
TITLE = {Digital Twin and Internet of Things—Current Standards Landscape},
JOURNAL = {Applied Sciences},
VOLUME = {10},
YEAR = {2020},
NUMBER = {18},
ARTICLE-NUMBER = {6519},
ISSN = {2076-3417},
DOI = {10.3390/app10186519}
}

@INPROCEEDINGS{8120404,
  author={Pasternak, Erik and Fenichel, Rachel and Marshall, Andrew N.},
  booktitle={2017 IEEE Blocks and Beyond Workshop (B B)}, 
  title={Tips for creating a block language with blockly}, 
  year={2017},
  volume={},
  number={},
  pages={21-24},
  doi={10.1109/BLOCKS.2017.8120404}}

@article{1011453015455,
author = {Bau, David and Gray, Jeff and Kelleher, Caitlin and Sheldon, Josh and Turbak, Franklyn},
title = {Learnable Programming: Blocks and Beyond},
year = {2017},
issue_date = {June 2017},
publisher = {Association for Computing Machinery},
address = {New York, NY, USA},
volume = {60},
number = {6},
issn = {0001-0782},
url = {10.1145/3015455},
doi = {10.1145/3015455},
journal = {Commun. ACM},
month = {may},
pages = {72–80},
numpages = {9}
}

@INPROCEEDINGS{8120406,
  author={Weintrop, David and Shepherd, David C. and Francis, Patrick and Franklin, Diana},
  booktitle={2017 IEEE Blocks and Beyond Workshop (B B)}, 
  title={Blockly goes to work: Block-based programming for industrial robots}, 
  year={2017},
  volume={},
  number={},
  pages={29-36},
  doi={10.1109/BLOCKS.2017.8120406}}


@INPROCEEDINGS{7369012,
  author={Bottoni, Paolo and Ceriani, Miguel},
  booktitle={2015 IEEE Blocks and Beyond Workshop (Blocks and Beyond)}, 
  title={Using blocks to get more blocks: Exploring linked data through integration of queries and result sets in block programming}, 
  year={2015},
  volume={},
  number={},
  pages={99-101},
  doi={10.1109/BLOCKS.2015.7369012}}
  
@article{10.11453341221,
author = {Weintrop, David},
title = {Block-Based Programming in Computer Science Education},
year = {2019},
issue_date = {August 2019},
publisher = {Association for Computing Machinery},
address = {New York, NY, USA},
volume = {62},
number = {8},
issn = {0001-0782},
doi = {10.1145/3341221},
journal = {Commun. ACM},
month = {jul},
pages = {22–25},
numpages = {4}
}


@article{KUEHNER20211227,
title = {Digital Twin: Finding Common Ground – A Meta-Review},
journal = {Procedia CIRP},
volume = {104},
pages = {1227-1232},
year = {2021},
note = {54th CIRP CMS 2021 - Towards Digitalized Manufacturing 4.0},
issn = {2212-8271},
doi = {10.1016/j.procir.2021.11.206},
author = {Kim Jessica Kuehner and Richard Scheer and Steffen Strassburger},
}


@InProceedings{10.1007978-3-030-49461-2_35,
author="Charpenay, Victor
and K{\"a}bisch, Sebastian",
editor="Harth, Andreas
and Kirrane, Sabrina
and Ngonga Ngomo, Axel-Cyrille
and Paulheim, Heiko
and Rula, Anisa
and Gentile, Anna Lisa
and Haase, Peter
and Cochez, Michael",
title="On Modeling the Physical World as a Collection of Things: The W3C Thing Description Ontology",
booktitle="The Semantic Web",
year="2020",
publisher="Springer International Publishing",
address="Cham",
pages="599--615",
isbn="978-3-030-49461-2"
}

@article{COMPTON201225,
title = {The SSN ontology of the W3C semantic sensor network incubator group},
journal = {Journal of Web Semantics},
volume = {17},
pages = {25-32},
year = {2012},
issn = {1570-8268},
doi = {10.1016/j.websem.2012.05.003},
author = {Michael Compton and Payam Barnaghi and Luis Bermudez and Raúl García-Castro and Oscar Corcho and Simon Cox and John Graybeal and Manfred Hauswirth and Cory Henson and Arthur Herzog and Vincent Huang and Krzysztof Janowicz and W. David Kelsey and Danh {Le Phuoc} and Laurent Lefort and Myriam Leggieri and Holger Neuhaus and Andriy Nikolov and Kevin Page and Alexandre Passant and Amit Sheth and Kerry Taylor}
}


@article{JANOWICZ20191,
title = {SOSA: A lightweight ontology for sensors, observations, samples, and actuators},
journal = {Journal of Web Semantics},
volume = {56},
pages = {1-10},
year = {2019},
issn = {1570-8268},
doi = {10.1016/j.websem.2018.06.003},
author = {Krzysztof Janowicz and Armin Haller and Simon J.D. Cox and Danh {Le Phuoc} and Maxime Lefrançois}
}

@INPROCEEDINGS{9043088,
  author={Muralidharan, Shapna and Yoo, Byounghyun and Ko, Heedong},
  booktitle={2020 IEEE International Conference on Consumer Electronics (ICCE)}, 
  title={Designing a Semantic Digital Twin model for IoT}, 
  year={2020},
  volume={},
  number={},
  pages={1-2},
  doi={10.1109/ICCE46568.2020.9043088}}
